<record><leader>00000cas a22000007a 4500</leader><controlfield tag="001">11694926</controlfield><controlfield tag="008">850214d19441946pauwr ne      0    0eng d</controlfield><datafield ind1=" " ind2=" " tag="010"><subfield code="a">sn 85054503 </subfield></datafield><datafield ind1=" " ind2=" " tag="040"><subfield code="a">NPH</subfield><subfield code="b">eng</subfield><subfield code="c">NPH</subfield><subfield code="d">OCLCQ</subfield></datafield><datafield ind1=" " ind2=" " tag="042"><subfield code="a">msc</subfield></datafield><datafield ind1="0" ind2="0" tag="245"><subfield code="a">Duquesne star.</subfield></datafield><datafield ind1="3" ind2="0" tag="246"><subfield code="a">Star</subfield></datafield><datafield ind1=" " ind2=" " tag="260"><subfield code="a">Duquesne, Pa. :</subfield><subfield code="b">Kroeger Printing,</subfield><subfield code="c">1944-1946.</subfield></datafield><datafield ind1=" " ind2=" " tag="300"><subfield code="a">3 v. :</subfield><subfield code="b">ill.</subfield></datafield><datafield ind1=" " ind2=" " tag="310"><subfield code="a">Weekly</subfield></datafield><datafield ind1="0" ind2=" " tag="362"><subfield code="a">Vol. 5, no. 33 (Oct. 19, 1944)-v. 7, no. 37 (Nov. 14, 1946).</subfield></datafield><datafield ind1=" " ind2=" " tag="752"><subfield code="a">United States</subfield><subfield code="b">Pennsylvania</subfield><subfield code="c">Allegheny</subfield><subfield code="d">Duquesne.</subfield></datafield><datafield ind1="0" ind2="7" tag="785"><subfield code="t">Duquesne times (Duquesne, Pa. : 1918)</subfield><subfield code="w">(DLC)sn 85054504</subfield></datafield><datafield ind1="0" ind2="7" tag="785"><subfield code="t">Duquesne star combined with the Duquesne times</subfield><subfield code="w">(DLC)sn 85054861</subfield></datafield></record>